@article{myers1998brief,
  title     = {A brief history of human-computer interaction technology},
  author    = {Myers, Brad A},
  journal   = {interactions},
  volume    = {5},
  number    = {2},
  pages     = {44--54},
  year      = {1998},
  publisher = {ACM}
}
  
@monography{roversi,
  author = {Roversi, Gustavo},
  title  = {Luvas Sensoriais: Captura dos movimentos das mãos e dedos},
  school = {PUC Minas},
  type   = {Trabalho de Diplomação},
  year   = {2016}
}

@misc{movimentos,
	title	 = {Hand Reference (Part 4: Motion Terminology)},
	author = {Jonathan Le Yi-Liang},
	year	 = {2010},
  month	 = {Novembro},
  note   = {Disponível em: \url{http://www.handsurgery.com.sg/wordpress/?p =152}. Acesso em Out. 2016}
}

@article{sturman1994survey,
  title     = {A survey of glove-based input},
  author    = {Sturman, David J and Zeltzer, David},
  journal   = {IEEE Computer graphics and Applications},
  volume    = {14},
  number    = {1},
  pages     = {30--39},
  year      = {1994},
  publisher = {IEEE}
}

@article{perez2014objective,
  title     = {Objective analysis of surgeons’ ergonomy during laparoendoscopic single-site surgery through the use of surface electromyography and a motion capture data glove},
  author    = {P{\'e}rez-Duarte, FJ and Lucas-Hern{\'a}ndez, M and Matos-Azevedo, A and S{\'a}nchez-Margallo, JA and D{\'\i}az-G{\"u}emes, I and S{\'a}nchez-Margallo, FM},
  journal   = {Surgical endoscopy},
  volume    = {28},
  number    = {4},
  pages     = {1314--1320},
  year      = {2014},
  publisher = {Springer}
}

@misc{cyberglove,
	title        = {CyberGlove III},
	organization = {CyberGlove Systems},
	year	       = {2015},
  note         = {Disponível em: \url{http://www.cyberglovesystems.com/cyberglove-iii/}. Acesso em Out. 2016}
}

@article{fahn2005development,
  title     = {Development of a data glove with reducing sensors based on magnetic induction},
  author    = {Fahn, Chin-Shyurng and Sun, Herman},
  journal   = {IEEE Transactions on Industrial Electronics},
  volume    = {52},
  number    = {2},
  pages     = {585--594},
  year      = {2005},
  publisher = {IEEE}
}

@inproceedings{kim20093,
  title        = {3-d hand motion tracking and gesture recognition using a data glove},
  author       = {Kim, Ji-Hwan and Thang, Nguyen Duc and Kim, Tae-Seong},
  booktitle    = {2009 IEEE International Symposium on Industrial Electronics},
  pages        = {1013--1018},
  year         = {2009},
  organization = {IEEE}
}

@misc{laparos,
	title	 = {Cirurgia - Laparoscopia},
	author = {Paulo de Almeida Rocha},
	year	 = {2015},
  note   = {Disponível em: \url{http://uro.com.br/laparos.htm}. Acesso em Out. 2016}
}

@phdthesis{li2009smartglove,
  title  = {Smartglove: a multi-finger sensing system based on optical linear encoder.},
  author = {Li, Kang},
  school = {Nanyang Technological University},
  year   = {2009}
}

@article{azuma1997survey,
  title     = {A survey of augmented reality},
  author    = {Azuma, Ronald T},
  journal   = {Presence: Teleoperators and virtual environments},
  volume    = {6},
  number    = {4},
  pages     = {355--385},
  year      = {1997},
  publisher = {MIT Press}
}

@misc{5dt,
	title        = {5DT Data Glove 5 Ultra},
	organization = {Fifth Dimensional Technologies},
	year         = {2011},
  note         = {Disponível em: \url{http://5dt.com/products/pdataglove5u.html}. Acesso em Out. 2016}
}

@misc{manus,
	title        = {Manus VR},
	organization = {Manus VR},
	year         = {2015},
  note         = {Disponível em: \url{https://manus-vr.com/product}. Acesso em Out. 2016}
}

@misc{avatar,
	title        = {Avatar VR},
	organization = {Neurodigital Technologies},
	year         = {2016},
  note         = {Disponível em: \url{https://www.neurodigital.es/avatarvr/}. Acesso em Out. 2016}
}

@manual{occupational1996osha,
  title        = {OSHA technical manual},
  chapter      = {Section IV, Chapter 4},
  author       = {OSHA},
  organization = {Occupational Safety and Health Administration},
  journal      = {Industrial Robots and Robot System Safety},
  year         = {2016},
  note         = {Disponível em: \url{https://www.osha.gov/dts/osta/otm/otm_iv/otm_iv_4.html}. Acesso em Out. 2016}
}

@misc{end_effect,
	title  = {Robot End Effector: Definition and Examples},
	author = {Samuel Bouchard},
	year   = {2014},
  note   = {Disponível em: \url{http://blog.robotiq.com/bid/53266/Robot-End-Effector-Definition-and-Examples}. Acesso em Out. 2016}
}

@misc{hand_motions,
	title  = {What Is Normal Range of Motion in a Joint?},
	author = {Elizabeth Quinn},
	year   = {2017},
  note   = {Disponível em: \url{https://www.verywell.com/what-is-normal-range-of-motion-in-a-joint-3120361}. Acesso em Nov. 2017}
}

@misc{theGloves,
	title  = {The Gloves Project},
	author = {Mitchell, Tom and Madgwick, Seb},
	year   = {2013},
  note   = {Disponível em: \url{http://dev-blog.mimugloves.com/xosc-gloves/}. Acesso em Nov. 2017}
}

@book{fraden2004handbook,
  title={Handbook of modern sensors: physics, designs, and applications},
  author={Fraden, Jacob},
  year={2004},
  publisher={Springer Science \& Business Media}
}

@article{potkonjak1998redundancy,
  title     = {Redundancy problem in writing: from human to anthropomorphic robot arm},
  author    = {Potkonjak, Veljko and Popovic, Mirjana and Lazarevic, Mihailo and Sinanovic, Jelena},
  journal   = {IEEE Transactions on Systems, Man, and Cybernetics, Part B (Cybernetics)},
  volume    = {28},
  number    = {6},
  pages     = {790--805},
  year      = {1998},
  publisher = {IEEE}
}

@inproceedings{sun2013calligraphy,
  title        = {A calligraphy robot—Callibot: Design, analysis and applications},
  author       = {Sun, Yuandong and Xu, Yangsheng},
  booktitle    = {Robotics and Biomimetics (ROBIO), 2013 IEEE International Conference on},
  pages        = {185--190},
  year         = {2013},
  organization = {IEEE}
}

@article{xudesign,
  title     = {Design of a Highly Biomimetic Anthropomorphic Robotic Hand towards Artificial Limb Regeneration},
  author    = {Xu, Zhe and Todorov, Emanuel},
  journal   = {IEEE ICRA},
  year      = {2016},
  publisher = {IEEE}
}

@inproceedings{konnaris2016ethohand,
  title        = {EthoHand: A dexterous robotic hand with ball-joint thumb enables complex in-hand object manipulation},
  author       = {Konnaris, Charalambos and Gavriel, Constantinos and Thomik, Andreas AC and Faisal, A Aldo},
  booktitle    = {Biomedical Robotics and Biomechatronics (BioRob), 2016 6th IEEE International Conference on},
  pages        = {1154--1159},
  year         = {2016},
  organization = {IEEE}
}

@misc{neuro,
	title   = {Neuroprosthetics},
	author  = {Eric C. Leuthardt, Jarod L. Roland and Wilson Z. Ray},
	year    = {2014},
  journal = {TheScientist},
  note    = {Disponível em: \url{http://www.the-scientist.com/?articles.view/articleNo/41324/title/Neuroprosthetics/}. Acesso em Out. 2016}
}

@inproceedings{liu2008multisensory,
  title        = {Multisensory five-finger dexterous hand: The DLR/HIT Hand II},
  author       = {Liu, Hong and Wu, K and Meusel, Peter and Seitz, Nikolaus and Hirzinger, Gerd and Jin, MH and Liu, YW and Fan, SW and Lan, T and Chen, ZP},
  booktitle    = {2008 IEEE/RSJ international conference on intelligent robots and systems},
  pages        = {3692--3697},
  year         = {2008},
  organization = {IEEE}
}

@misc{sayre,
  title  = {Glove Interaction},
  author = {João Louren{\c c}o, Dr. Hannah Thinyane},
  year   = {2010},
  note   = {Disponível em: \url{http://www.cs.ru.ac.za/research/g07l2273/project_background_gloves.html}. Acesso em Out. 2016}
}

@misc{manus_specs,
  title  = {Manus VR Gloves},
  author = {3dwurld},
  year   = {2016},
  note   = {Disponível em: \url{https://3dwurld.com/manus-vr-gloves/}. Acesso em Out. 2016}
}

@misc{ieee,
  title  = {IEEE Xplore Digital Library},
  organization = {IEEE},
  year   = {2017},
  note   = {Disponível em: \url{http://ieeexplore.ieee.org/Xplore/home.jsp}. Acesso em Out. 2016}
}



@misc{sensor,
  title  = {An Introduction to Sensors and Transducers},
  author = {John W. Sutherland},
  year   = {2004, tradução nossa},
  note   = {Disponível em: \url{http://www.mfg.mtu.edu/cyberman/machtool/machtool/sensors/intro.html}. Acesso em Out. 2016}
}

@misc{gyroscope,
  title  = {Gyroscope},
  organization = {Sensor Wiki},
  year   = {2016},
  note   = {Disponível em: \url{http://sensorwiki.org/doku.php/sensors/gyroscope}. Acesso em Out. 2017}
}

@inproceedings{herkenrath2008twend,
  title        = {Twend: twisting and bending as new interaction gesture in mobile devices},
  author       = {Herkenrath, Gero and Karrer, Thorsten and Borchers, Jan},
  booktitle    = {CHI'08 Extended Abstracts on Human Factors in Computing Systems},
  pages        = {3819--3824},
  year         = {2008},
  organization = {ACM}
}

@misc{symbol2012flex,
  title        = {Flex Sensor},
  organization = {Spectra Symbol},
  year         = {2014},
  note         = {Disponível em: \url{http://www.hobbytronics.co.uk/datasheets/flex22.pdf}. Acesso em Out. 2016}
}

@misc{sparkflex,
  title  = {Flex Sensor Hookup Guide},
  author = {Sparkfun},
  year   = {2016},
  note   = {Disponível em: \url{https://learn.sparkfun.com/tutorials/flex-sensor-hookup-guide}. Acesso em Out. 2016}
}

@misc{arduino,
  title  = {Arduino MEGA 2560},
  author = {Arduino},
  year   = {2016},
  note   = {Disponível em: \url{https://www.arduino.cc/en/Main/ArduinoBoardMega2560}. Acesso em Nov. 2016}
}

@misc{mpu9250,
  title  = {MPU 92/65 9250 IMU},
  author = {Nelis Willers},
  year   = {2016},
  note   = {Disponível em: \url{https://github.com/NelisW/myOpenHab/blob/master/docs/707-MPU-9250-9265 IMU.md}. Acesso em Ago. 2017}
}

@misc{accel,
  title  = {MEMS: A Brief Overview },
  organization = {Electronic Products},
  year   = {2013},
  note   = {Disponível em: \url{https://www.electronicproducts.com/Sensors_and_Transducers/Sensors_and_Transducers/MEMS_A_Brief_Overview.aspx?id=2546}. Acesso em Out. 2017}
}

@misc{IMU,
  title  = {MPU-9250 Datasheet},
  author = {InvenSense},
  year   = {2015},
  note   = {Disponível em: \url{https://www.invensense.com/wp-content/uploads/2015/02/PS-MPU-9250A-01-v1.1.pdf}. Acesso em Out. 2016}
}

@misc{coriolis,
  title  = {O efeito de Coriolis},
  author = {Campos},
  year   = {2007},
  note   = {Disponível em: \url{http://web.archive.org/web/20161207221235/to-campos.planetaclix.pt/astron/coriolis/coriolis.htm}. Acesso em Out. 2017}
}

@misc{hall,
  title  = { Como funcionam os sensores de Efeito Hall},
  author = {Newton C. Braga},
  year   = {2014},
  note   = {Disponível em: \url{http://www.newtoncbraga.com.br/index.php/como-funciona/6640-como-funcionam-os-sensores-de-efeito-hall-art1050}. Acesso em Out. 2017}
}

@misc{specmpu9250,
  title  = {MPU-9250 Nine-Axis (Gyro + Accelerometer + Compass) MEMS MotionTracking\texttrademark Device},
  author = {InvenSense},
  year   = {2017},
  note   = {Disponível em: \url{https://www.invensense.com/products/motion-tracking/9-axis/mpu-9250/}. Acesso em Ago. 2017}
}

@book{articulacoes,
  title={Tratado de posicionamento radiogr{\'a}fico e anatomia associada},
  author={Bontrager, Kenneth L and Lampignano, John P},
  pages={127},
  chapter={4},
  year={2015},
  publisher={Elsevier Brasil}
}

@misc{unity,
  title     = {Unity},
  organizon = {Unity Technologies},
  year      = {2016},
  note      = {Disponível em: \url{https://unity3d.com/pt/}. Acesso em Out. 2016}
}

@inproceedings{tognetti2006characterization,
  title        = {Characterization of a novel data glove based on textile integrated sensors},
  author       = {Tognetti, Alessandro and Carbonaro, Nicola and Zupone, Giuseppe and De Rossi, Danilo},
  booktitle    = {Engineering in Medicine and Biology Society, 2006. EMBS'06. 28th Annual International Conference of the IEEE},
  pages        = {2510--2513},
  year         = {2006},
  organization = {IEEE}
}

@article{luzanin2014hand,
  title     = {Hand gesture recognition using low-budget data glove and cluster-trained probabilistic neural network},
  author    = {Luzanin, Ognjan and Plancak, Miroslav},
  journal   = {Assembly Automation},
  volume    = {34},
  number    = {1},
  pages     = {94--105},
  year      = {2014},
  publisher = {Emerald Group Publishing Limited}
}

@inproceedings{kuroda2004consumer,
  title     = {Consumer price data-glove for sign language recognition},
  author    = {Kuroda, T and Tabata, Y and Goto, A and Ikuta, H and Murakami, M and others},
  booktitle = {Proc. of 5th Intl Conf. Disability, Virtual Reality Assoc. Tech., Oxford, UK},
  pages     = {253--258},
  year      = {2004}
}

@inproceedings{cao2016motion,
  title        = {The motion capture data glove device for virtual surgery},
  author       = {Cao, Qiuhao and Gao, Cheng and Wang, Yiming and Li, Ting},
  booktitle    = {Nanoelectronics Conference (INEC), 2016 IEEE International},
  pages        = {1--2},
  year         = {2016},
  organization = {IEEE}
}

@inproceedings{fang2015robotic,
  title        = {A robotic hand-arm teleoperation system using human arm/hand with a novel data glove},
  author       = {Fang, Bin and Guo, Di and Sun, Fuchun and Liu, Huaping and Wu, Yupei},
  booktitle    = {2015 IEEE International Conference on Robotics and Biomimetics (ROBIO)},
  pages        = {2483--2488},
  year         = {2015},
  organization = {IEEE}
}

@misc{leap,
  title  = {Wireless VR Glove: Minimalist Controller},
  author = {Florian Maurer},
  year   = {2016},
  note   = {Disponível em: \url{http://flrnmrr.com/2016/10/18/wireless-vr-glove-minimalist-controller}. Acesso em Nov. 2016}
}

@misc{i2c,
  title  = {I2Cdevlib},
  author = {Jeff Rowberg},
  year   = {2016},
  note   = {Disponível em: \url{https://github.com/jrowberg/i2cdevlib/}. Acesso em Nov. 2016}
}

@misc{analogread,
  title  = {ResponsiveAnalogRead},
  author = {Damien Clarke},
  year   = {2017},
  note   = {Disponível em: \url{https://github.com/dxinteractive/ResponsiveAnalogRead}. Acesso em Nov. 2017}
}

@misc{9250DMP,
  title  = {MPU-9250 DMP magnetometer correction Arduino},
  author = {Vladimir Kharlashkin},
  year   = {2016},
  note   = {Disponível em: \url{https://github.com/kharlashkin/MPU-9250DMP}. Acesso em Nov. 2017}
}

@article{grau2016development,
  title  = {Development and Evaluation of an Arduino-based Feedback Delay Measurement Instrument},
  author = {Grau, Paul},
  year   = {2016}
}

@article{mahony2008nonlinear,
  title = {Nonlinear complementary filters on the special orthogonal group},
  author = {Mahony, Robert and Hamel, Tarek and Pflimlin, Jean-Michel},
  journal = {IEEE Transactions on Automatic Control},
  volume = {53},
  number = {5},
  pages = {1203--1218},
  year = {2008},
  publisher = {IEEE}
}

@inproceedings{ladetto2000foot,
  title = {On foot navigation: continuous step calibration using both complementary recursive prediction and adaptive Kalman filtering},
  author = {Ladetto, Quentin},
  booktitle = {Proceedings of ION GPS},
  volume = {2000},
  pages = {1735--1740},
  year = {2000}
}

@inproceedings{karthik2011system,
  title = {System on chip implementation of adaptive moving average based multiple-model Kalman filter for denoising fiber optic gyroscope signal},
  author = {Karthik, KP and Rangababu, P and Sabat, Samrat L and Nayak, J},
  booktitle = {Electronic System Design (ISED), 2011 International Symposium on},
  pages = {170--175},
  year = {2011},
  organization = {IEEE}
}

@inproceedings{lou2011sensor,
  title = {Sensor fusion-based attitude estimation using low-cost MEMS-IMU for mobile robot navigation},
  author = {Lou, Lu and Xu, Xin and Cao, Juan and Chen, Zhili and Xu, Yi},
  booktitle = {Information Technology and Artificial Intelligence Conference (ITAIC), 2011 6th IEEE Joint International},
  volume = {2},
  pages = {465--468},
  year = {2011},
  organization = {IEEE}
}

@misc{kalmancomp,
  title        = {Kalman filter vs Complementary filter},
  organization = {Robottini},
  year         = {2011},
  note         = {Disponível em: \url{http://robottini.altervista.org/kalman-filter-vs-complementary-filter}. Acesso em Nov. 2016}
}