
  
@monography{roversi,
  author = {Roversi, Gustavo},
  title  = {Luvas Sensoriais: Captura dos movimentos das mãos e dedos},
  school = {PUC Minas},
  type   = {Trabalho de Diplomação},
  year   = {2016}
}

@misc{luva_mocap,
  title        = {Data glove and head tracking device that uses motion capturing system},
  organization = {AtCrux},
  year         = {2012},
  note         = {Disponível em: \url{http://www.atcrux.com/2012/10/02/3850/data-glove-and-head-tracking-device-that-uses-motion-capturing-system.html}. Acesso em Dez. 2017}
}

@misc{cyberglove,
  title        = {Show Some Love for the Data Glove},
  organization = {WiredCosmos},
  year         = {2013},
  note         = {Disponível em: \url{http://wiredcosmos.com/2013/01/16/show-some-love-for-the-data-glove/}. Acesso em Dez. 2017}
}


@misc{cyberglove2,
  title        = {Data Dlove},
  organization = {Computer Desktop Encyclopedia},
  year         = {2003},
  note         = {Disponível em: \url{http://encyclopedia2.thefreedictionary.com/data+glove}. Acesso em Dez. 2017}
}

@misc{movimentos,
  title  = {Hand Reference (Part 4: Motion Terminology)},
  author = {Jonathan Le Yi-Liang},
  year   = {2010},
  month  = {Novembro},
  note   = {Disponível em: \url{http://www.handsurgery.com.sg/wordpress/?p =152}. Acesso em Out. 2016}
}

@inproceedings{kim20093,
  title        = {3-d hand motion tracking and gesture recognition using a data glove},
  author       = {Kim, Ji-Hwan and Thang, Nguyen Duc and Kim, Tae-Seong},
  booktitle    = {2009 IEEE International Symposium on Industrial Electronics},
  pages        = {1013--1018},
  year         = {2009},
  organization = {IEEE}
}

@phdthesis{li2009smartglove,
  title  = {Smartglove: a multi-finger sensing system based on optical linear encoder.},
  author = {Li, Kang},
  school = {Nanyang Technological University},
  year   = {2009}
}

@misc{symbol2012flex,
  title        = {Flex Sensor},
  organization = {Spectra Symbol},
  year         = {2014},
  note         = {Disponível em: \url{http://www.hobbytronics.co.uk/datasheets/flex22.pdf}. Acesso em Out. 2016}
}

@misc{accel,
  title  = {MEMS: A Brief Overview },
  organization = {Electronic Products},
  year   = {2013},
  note   = {Disponível em: \url{https://www.electronicproducts.com/Sensors_and_Transducers/Sensors_and_Transducers/MEMS_A_Brief_Overview.aspx?id=2546}. Acesso em Out. 2017}
}

@misc{gyroscope,
  title  = {Gyroscope},
  organization = {Sensor Wiki},
  year   = {2016},
  note   = {Disponível em: \url{http://sensorwiki.org/doku.php/sensors/gyroscope}. Acesso em Out. 2017}
}

@misc{hall,
  title  = { Como funcionam os sensores de Efeito Hall},
  author = {Newton C. Braga},
  year   = {2014},
  note   = {Disponível em: \url{http://www.newtoncbraga.com.br/index.php/como-funciona/6640-como-funcionam-os-sensores-de-efeito-hall-art1050}. Acesso em Out. 2017}
}

@misc{IMU,
  title  = {MPU-9250 Datasheet},
  author = {InvenSense},
  year   = {2015},
  note   = {Disponível em: \url{https://www.invensense.com/wp-content/uploads/2015/02/PS-MPU-9250A-01-v1.1.pdf}. Acesso em Out. 2016}
}

@misc{sparkflex,
  title  = {Flex Sensor Hookup Guide},
  author = {Sparkfun},
  year   = {2016},
  note   = {Disponível em: \url{https://learn.sparkfun.com/tutorials/flex-sensor-hookup-guide}. Acesso em Out. 2016}
}

@misc{mpu9250,
  title  = {MPU 92/65 9250 IMU},
  author = {Nelis Willers},
  year   = {2016},
  note   = {Disponível em: \url{https://github.com/NelisW/myOpenHab/blob/master/docs/707-MPU-9250-9265 IMU.md}. Acesso em Ago. 2017}
}

@book{articulacoes,
  title={Tratado de posicionamento radiogr{\'a}fico e anatomia associada},
  author={Bontrager, Kenneth L and Lampignano, John P},
  pages={127},
  chapter={4},
  year={2015},
  publisher={Elsevier Brasil}
}